%% This BibTeX bibliography file was created using BibDesk.
%% http://bibdesk.sourceforge.net/


%% Created for Lauro Cesar Araujo at 2015-04-27 19:43:45 -0300 


%% Saved with string encoding Unicode (UTF-8) 
@book{tanenbaum2010sistemas,
  title={Sistemas operacionais modernos},
  author={Tanenbaum, A.S.},
  isbn={9788576052371},
  url={https://books.google.com.br/books?id=nDatQwAACAAJ},
  year={2010},
  publisher={Prentice-Hall do Brasil}
}

@article{FAIRBANKS2012S118,
title = {An analysis of Ext4 for digital forensics},
journal = {Digital Investigation},
volume = {9},
pages = {S118-S130},
year = {2012},
note = {The Proceedings of the Twelfth Annual DFRWS Conference},
issn = {1742-2876},
doi = {https://doi.org/10.1016/j.diin.2012.05.010},
url = {https://www.sciencedirect.com/science/article/pii/S1742287612000357},
author = {Kevin D. Fairbanks},
keywords = {Ext4, File system forensics, Digital forensics, Extents, Flex block groups},
}

@book{bovet_cesati_2005,
    author    = {Daniel P. Bovet and Marco Cesati},
    title     = {Compreendendo o Kernel do Linux},
    edition   = {3},
    publisher = {O'Reilly Media, Inc.},
    address   = {Sebastopol, CA},
    year      = {2005}
}

@inproceedings{matur,
  author    = {A. Mathur and M. Cao and S. Battacharya and A. Dilger and A. Tomas and L. Vivier},
  title     = {The New Ext4 Filesystem: Current Status and Future Plans},
  booktitle = {Proceedings of the Linux Symposium},
  volume    = {2},
  year      = {2007},
  pages     = {21--33}
}
@inproceedings{Tso,
  author    = {T. Tso and S. Tweedie},
  title     = {Planned Extensions to the Linux Ext2/3 Filesystem},
  booktitle = {USENIX Technical Conference},
  year      = {2002}
}
@inproceedings{kumar,
  author    = {A. Kumar and M. Cao and J. Santos and A. Dilger},
  title     = {Ext4 Block and Inode Allocator Improvements},
  booktitle = {Proceedings of the Linux Symposium},
  volume    = {1},
  year      = {2008},
  pages     = {263--274}
}
