%% This BibTeX bibliography file was created using BibDesk.
%% http://bibdesk.sourceforge.net/


%% Created for Lauro Cesar Araujo at 2015-04-27 19:43:45 -0300 


%% Saved with string encoding Unicode (UTF-8) 
@book{tanenbaum2010sistemas,
  title={Sistemas operacionais modernos},
  author={Tanenbaum, A.S.},
  isbn={9788576052371},
  url={https://books.google.com.br/books?id=nDatQwAACAAJ},
  year={2010},
  publisher={Prentice-Hall do Brasil}
}